@article{paper1,
	title={A Survey of ECDSA Threshold Signing.},
	author={Aumasson, Jean-Philippe and Hamelink, Adrian and Shlomovits, Omer},
	journal={IACR Cryptol. ePrint Arch.},
	volume={2020},
	pages={1390},
	year={2020}
}

@inproceedings{paper2,
	title={How to generate and exchange secrets},
	author={Yao, Andrew Chi-Chih},
	booktitle={27th Annual Symposium on Foundations of Computer Science (sfcs 1986)},
	pages={162--167},
	year={1986},
	organization={IEEE}
}

@article{paper3,
	title={Threshold Signatures using Secure Multiparty Computation},
	author={Tillem, G and Burundukov, O and Team, INGDLT}
}

@inproceedings{paper4,
	title={Efficient multiparty protocols using circuit randomization},
	author={Beaver, Donald},
	booktitle={Annual International Cryptology Conference},
	pages={420--432},
	year={1991},
	organization={Springer}
}

@inproceedings{paper5,
	title={Non-cryptographic fault-tolerant computing in constant number of rounds of interaction},
	author={Bar-Ilan, Judit and Beaver, Donald},
	booktitle={Proceedings of the eighth annual ACM Symposium on Principles of distributed computing},
	pages={201--209},
	year={1989}
}

@article{paper6,
	title={Actively secure two-party computation: Efficient Beaver triple generation},
	author={Pullonen, Pille and others},
	journal={Instructor},
	year={2013},
	publisher={Citeseer}
}

@inproceedings{paper7,
	title={Fast multiparty threshold ECDSA with fast trustless setup},
	author={Gennaro, Rosario and Goldfeder, Steven},
	booktitle={Proceedings of the 2018 ACM SIGSAC Conference on Computer and Communications Security},
	pages={1179--1194},
	year={2018}
}

@inproceedings{paper8,
	title={Practical threshold RSA signatures without a trusted dealer},
	author={Damg{\aa}rd, Ivan and Koprowski, Maciej},
	booktitle={International Conference on the Theory and Applications of Cryptographic Techniques},
	pages={152--165},
	year={2001},
	organization={Springer}
}