@article{gordon1998survey,
  title={A survey of fast exponentiation methods},
  author={Gordon, Daniel M},
  journal={Journal of algorithms},
  volume={27},
  number={1},
  pages={129--146},
  year={1998},
  publisher={Elsevier}
}

@inproceedings{hankerson2000software,
  title={Software implementation of elliptic curve cryptography over binary fields},
  author={Hankerson, Darrel and Hernandez, Julio L{\'o}pez and Menezes, Alfred},
  booktitle={International Workshop on Cryptographic Hardware and Embedded Systems},
  pages={1--24},
  year={2000},
  organization={Springer}
}

@book{menezes2018handbook,
  title={Handbook of applied cryptography},
  author={Menezes, Alfred J and Van Oorschot, Paul C and Vanstone, Scott A},
  year={2018},
  publisher={CRC press}
}

@inproceedings{lim1994more,
	title={More flexible exponentiation with precomputation},
	author={Lim, Chae Hoon and Lee, Pil Joong},
	booktitle={Annual International Cryptology Conference},
	pages={95--107},
	year={1994},
	organization={Springer}
}

@article{gollmann1996redundant,
	title={Redundant integer representations and fast exponentiation},
	author={Gollmann, Dieter and Han, Yongfei and Mitchell, Chris J},
	journal={Designs, Codes and Cryptography},
	volume={7},
	number={1},
	pages={135--151},
	year={1996},
	publisher={Springer}
}

@book{solinas1999generalized,
	title={Generalized mersenne numbers},
	author={Solinas, Jerome A and others},
	year={1999},
	publisher={Citeseer}
}

@inproceedings{cohen1998efficient,
	title={Efficient elliptic curve exponentiation using mixed coordinates},
	author={Cohen, Henri and Miyaji, Atsuko and Ono, Takatoshi},
	booktitle={International Conference on the Theory and Application of Cryptology and Information Security},
	pages={51--65},
	year={1998},
	organization={Springer}
}

@inproceedings{koblitz1991cm,
	title={CM-curves with good cryptographic properties},
	author={Koblitz, Neal},
	booktitle={Annual international cryptology conference},
	pages={279--287},
	year={1991},
	organization={Springer}
}

@inproceedings{solinas1997improved,
	title={An improved algorithm for arithmetic on a family of elliptic curves},
	author={Solinas, Jerome A},
	booktitle={Annual International Cryptology Conference},
	pages={357--371},
	year={1997},
	organization={Springer}
}

@incollection{solinas2000efficient,
	title={Efficient arithmetic on Koblitz curves},
	author={Solinas, Jerome A},
	booktitle={Towards a Quarter-Century of Public Key Cryptography},
	pages={125--179},
	year={2000},
	publisher={Springer}
}