@article{rachwalik2012generation,
  title={Generation of nonlinear feedback shift registers with special-purpose hardware},
  author={Rachwalik, Tomasz and Szmidt, Janusz and Wicik, Robert and Zab{\l}ocki, Janusz},
  booktitle={2012 Military Communications and Information Systems Conference (MCC)},
  pages={1--4},
  year={2012},
  organization={IEEE}
}
